@inproceedings{kiselyov:2006,
 author = {Kiselyov, Oleg and Shan, Chung-chieh and Sabry, Amr},
 title = {Delimited dynamic binding},
 booktitle = {Proceedings of the eleventh ACM SIGPLAN international conference on Functional programming},
 series = {ICFP '06},
 year = {2006},
 isbn = {1-59593-309-3},
 location = {Portland, Oregon, USA},
 pages = {26--37},
 numpages = {12},
 url = {http://doi.acm.org/10.1145/1159803.1159808},
 doi = {10.1145/1159803.1159808},
 acmid = {1159808},
 publisher = {ACM},
 address = {New York, NY, USA},
 keywords = {delimited continuations, dynamic binding, monads},
} 